<?xml version="1.0" encoding="UTF-8"?><record xmlns="http://www.loc.gov/MARC21/slim" xmlns:cinclude="http://apache.org/cocoon/include/1.0" xmlns:zs="http://www.loc.gov/zing/srw/">
  <leader>00468cz  a2200145n  4500</leader>
  <controlfield tag="001">no 92010795 </controlfield>
  <controlfield tag="003">DLC</controlfield>
  <controlfield tag="005">19941130172601.2</controlfield>
  <controlfield tag="008">920423n| acannaab|          |a ana     c</controlfield>
  <datafield tag="010" ind1=" " ind2=" ">
    <subfield code="a">no 92010795 </subfield>
  </datafield>
  <datafield tag="040" ind1=" " ind2=" ">
    <subfield code="a">IEN</subfield>
    <subfield code="c">IEN</subfield>
    <subfield code="d">DJBF</subfield>
  </datafield>
  <datafield tag="110" ind1="2" ind2="0">
    <subfield code="a">UNICEF.</subfield>
    <subfield code="b">Programme Division</subfield>
  </datafield>
  <datafield tag="410" ind1="2" ind2="0">
    <subfield code="a">UNICEF.</subfield>
    <subfield code="b">Division des programmes</subfield>
  </datafield>
  <datafield tag="670" ind1=" " ind2=" ">
    <subfield code="a">Aidoo, A.A. The girl child, 1991:</subfield>
    <subfield code="b">t.p. (Programme Division, UNICEF)</subfield>
  </datafield>
  <datafield tag="670" ind1=" " ind2=" ">
    <subfield code="a">L'eĚducation des filles et ... 1993:</subfield>
    <subfield code="b">(Division des programmes)</subfield>
  </datafield>
</record>